@inproceedings{Garanzha:2011,
 author = {Garanzha, Kirill and Pantaleoni, Jacopo and McAllister, David},
 title = {Simpler and Faster HLBVH with Work Queues},
 booktitle = {Proceedings of the ACM SIGGRAPH Symposium on High Performance Graphics},
 series = {HPG '11},
 year = {2011},
 isbn = {978-1-4503-0896-0},
 location = {Vancouver, British Columbia, Canada},
 pages = {59--64},
 numpages = {6},
 url = {http://doi.acm.org/10.1145/2018323.2018333},
 doi = {10.1145/2018323.2018333},
 acmid = {2018333},
 publisher = {ACM},
 address = {New York, NY, USA},
 keywords = {ray tracing, real-time, spatial index},
}

@inproceedings{Karras:2012,
 author = {Karras, Tero},
 title = {Maximizing Parallelism in the Construction of BVHs, Octrees, and K-d Trees},
 booktitle = {Proceedings of the Fourth ACM SIGGRAPH / Eurographics Conference on High-Performance Graphics},
 series = {EGGH-HPG'12},
 year = {2012},
 isbn = {978-3-905674-41-5},
 location = {Paris, France},
 pages = {33--37},
 numpages = {5},
 url = {http://dx.doi.org.ezproxy.morris.umn.edu/10.2312/EGGH/HPG12/033-037},
 doi = {10.2312/EGGH/HPG12/033-037},
 acmid = {2383801},
 publisher = {Eurographics Association},
 address = {Aire-la-Ville, Switzerland, Switzerland},
} 

@inproceedings{Karras:2013,
 author = {Karras, Tero and Aila, Timo},
 title = {Fast Parallel Construction of High-quality Bounding Volume Hierarchies},
 booktitle = {Proceedings of the 5th High-Performance Graphics Conference},
 series = {HPG '13},
 year = {2013},
 isbn = {978-1-4503-2135-8},
 location = {Anaheim, California},
 pages = {89--99},
 numpages = {11},
 url = {http://doi.acm.org.ezproxy.morris.umn.edu/10.1145/2492045.2492055},
 doi = {10.1145/2492045.2492055},
 acmid = {2492055},
 publisher = {ACM},
 address = {New York, NY, USA},
 keywords = {bounding volume hierarchies, ray tracing},
}

@article{Whitted:1980,
 author = {Whitted, Turner},
 title = {An Improved Illumination Model for Shaded Display},
 journal = {Commun. ACM},
 issue_date = {June 1980},
 volume = {23},
 number = {6},
 month = jun,
 year = {1980},
 issn = {0001-0782},
 pages = {343--349},
 numpages = {7},
 url = {http://doi.acm.org/10.1145/358876.358882},
 doi = {10.1145/358876.358882},
 acmid = {358882},
 publisher = {ACM},
 address = {New York, NY, USA},
 keywords = {computer animation, computer graphics, raster displays, shading, visible surface algorithms},
}

@misc{ wiki:box,
  author = "Wikipedia",
  title = "Minimum bounding box --- Wikipedia{,} The Free Encyclopedia",
  year = "2015",
  url = "\url{https://en.wikipedia.org/w/index.php?title=Minimum_bounding_box&oldid=653860212}",
  note = "[Online; accessed 10-April-2016]"
}

@misc{wiki:mesh,
   author = "Wikipedia",
   title = "Triangle mesh --- Wikipedia{,} The Free Encyclopedia",
   year = "2015",
   url = "\url{https://en.wikipedia.org/w/index.php?title=Triangle_mesh&oldid=691347959}",
   note = "[Online; accessed 10-April-2016]"
}

@misc{wiki:bvh,
  author = "Wikipedia",
  title = "Bounding volume hierarchy --- Wikipedia{,} The Free Encyclopedia",
  year = "2016",
  url = "\url{https://en.wikipedia.org/w/index.php?title=Bounding_volume_hierarchy&oldid=705178988}",
  note = "[Online; accessed 10-April-2016]"
}

@misc{wiki:rayTracing,
   author = "Wikipedia",
   title = "Ray tracing (graphics) --- Wikipedia{,} The Free Encyclopedia",
   year = "2016",
   url = "\url{https://en.wikipedia.org/w/index.php?title=Ray_tracing_(graphics)&oldid=700025195}",
   note = "[Online; accessed 10-April-2016]"
}

@misc{ wiki:morton,
  author = "Wikipedia",
  title = "Z-order curve --- Wikipedia{,} The Free Encyclopedia",
  year = "2016",
  url = "\url{https://en.wikipedia.org/w/index.php?title=Z-order_curve&oldid=707918268}",
  note = "[Online; accessed 10-April-2016]"
}

