@inproceedings{Garanzha:2011,
 author = {Garanzha, Kirill and Pantaleoni, Jacopo and McAllister, David},
 title = {Simpler and Faster {HLBVH} with Work Queues},
 booktitle = {Proceedings of the ACM SIGGRAPH Symposium on High Performance Graphics},
 series = {HPG '11},
 year = {2011},
 isbn = {978-1-4503-0896-0},
 location = {Vancouver, British Columbia, Canada},
 pages = {59--64},
 numpages = {6},
 url = {http://doi.acm.org/10.1145/2018323.2018333},
 doi = {10.1145/2018323.2018333},
 acmid = {2018333},
 publisher = {ACM},
 address = {New York, NY, USA},
 keywords = {ray tracing, real-time, spatial index},
}

@inproceedings{Gribble:2012,
 author = {Gribble, Christiaan and Fisher, Jeremy and Eby, Daniel and Quigley, Ed and Ludwig, Gideon},
 title = {Ray Tracing Visualization Toolkit},
 booktitle = {Proceedings of the ACM SIGGRAPH Symposium on Interactive 3D Graphics and Games},
 series = {I3D '12},
 year = {2012},
 isbn = {978-1-4503-1194-6},
 location = {Costa Mesa, California},
 pages = {71--78},
 numpages = {8},
 url = {http://doi.acm.org.ezproxy.morris.umn.edu/10.1145/2159616.2159628},
 doi = {10.1145/2159616.2159628},
 acmid = {2159628},
 publisher = {ACM},
 address = {New York, NY, USA},
 keywords = {ray tracing, ray-based rendering, visualization},
}

@inproceedings{Karras:2012,
 author = {Karras, Tero},
 title = {Maximizing Parallelism in the Construction of {BVHs}, Octrees, and K-d Trees},
 booktitle = {Proceedings of the Fourth ACM SIGGRAPH / Eurographics Conference on High-Performance Graphics},
 series = {EGGH-HPG'12},
 year = {2012},
 isbn = {978-3-905674-41-5},
 location = {Paris, France},
 pages = {33--37},
 numpages = {5},
 url = {http://dx.doi.org.ezproxy.morris.umn.edu/10.2312/EGGH/HPG12/033-037},
 doi = {10.2312/EGGH/HPG12/033-037},
 acmid = {2383801},
 publisher = {Eurographics Association},
 address = {Aire-la-Ville, Switzerland, Switzerland},
} 

@inproceedings{Viitanen:2015,
 author = {Viitanen, Timo and Koskela, Matias and J\"{a}\"{a}skel\"{a}inen, Pekka and Kultala, Heikki and Takala, Jarmo},
 title = {MergeTree: A {HLBVH} Constructor for Mobile Systems},
 booktitle = {SIGGRAPH Asia 2015 Technical Briefs},
 series = {SA '15},
 year = {2015},
 isbn = {978-1-4503-3930-8},
 location = {Kobe, Japan},
 pages = {12:1--12:4},
 articleno = {12},
 numpages = {4},
 url = {http://doi.acm.org.ezproxy.morris.umn.edu/10.1145/2820903.2820916},
 doi = {10.1145/2820903.2820916},
 acmid = {2820916},
 publisher = {ACM},
 address = {New York, NY, USA},
 keywords = {BVH, HLBVH, bounding volume, hierarchy, ray-tracing, ray-tracing hardware},
}

@inproceedings{Wald:2007,
 author = {Wald, Ingo},
 title = {On Fast Construction of {SAH}-based Bounding Volume Hierarchies},
 booktitle = {Proceedings of the 2007 IEEE Symposium on Interactive Ray Tracing},
 series = {RT '07},
 year = {2007},
 isbn = {978-1-4244-1629-5},
 pages = {33--40},
 numpages = {8},
 url = {http://dx.doi.org/10.1109/RT.2007.4342588},
 doi = {10.1109/RT.2007.4342588},
 acmid = {1524953},
 publisher = {IEEE Computer Society},
 address = {Washington, DC, USA},
}

@article{Whitted:1980,
 author = {Whitted, Turner},
 title = {An Improved Illumination Model for Shaded Display},
 journal = {Commun. ACM},
 issue_date = {June 1980},
 volume = {23},
 number = {6},
 month = jun,
 year = {1980},
 issn = {0001-0782},
 pages = {343--349},
 numpages = {7},
 url = {http://doi.acm.org/10.1145/358876.358882},
 doi = {10.1145/358876.358882},
 acmid = {358882},
 publisher = {ACM},
 address = {New York, NY, USA},
 keywords = {computer animation, computer graphics, raster displays, shading, visible surface algorithms},
}