@inproceedings{Karras:2013,
 author = {Karras, Tero and Aila, Timo},
 title = {Fast Parallel Construction of High-quality Bounding Volume Hierarchies},
 booktitle = {Proceedings of the 5th High-Performance Graphics Conference},
 series = {HPG '13},
 year = {2013},
 isbn = {978-1-4503-2135-8},
 location = {Anaheim, California},
 pages = {89--99},
 numpages = {11},
 url = {http://doi.acm.org.ezproxy.morris.umn.edu/10.1145/2492045.2492055},
 doi = {10.1145/2492045.2492055},
 acmid = {2492055},
 publisher = {ACM},
 address = {New York, NY, USA},
 keywords = {bounding volume hierarchies, ray tracing},
}

@inproceedings{Garanzha:2011,
 author = {Garanzha, Kirill and Pantaleoni, Jacopo and McAllister, David},
 title = {Simpler and Faster HLBVH with Work Queues},
 booktitle = {Proceedings of the ACM SIGGRAPH Symposium on High Performance Graphics},
 series = {HPG '11},
 year = {2011},
 isbn = {978-1-4503-0896-0},
 location = {Vancouver, British Columbia, Canada},
 pages = {59--64},
 numpages = {6},
 url = {http://doi.acm.org/10.1145/2018323.2018333},
 doi = {10.1145/2018323.2018333},
 acmid = {2018333},
 publisher = {ACM},
 address = {New York, NY, USA},
 keywords = {ray tracing, real-time, spatial index},
}
